@Article{Tan1977,
  author  = {TH Tan},
  journal = {J. Acoust. Soc. Am},
  title   = {Reciprocity relations for scattering of plane, elastic waves},
  year    = {1977},
  number  = {4},
  pages   = {928-931},
  volume  = {61},
}

@Article{Auld1979,
  author  = {BA Auld},
  journal = {Wave Motion},
  title   = {General electromechanical reciprocity relations applied to the calculation of elastic wave scattering coefficients},
  year    = {1979},
  number  = {1},
  pages   = {3-10},
  volume  = {1},
}

@Article{Koehler2006,
  author  = {B Köhler and W Müller and M Spies and V Schmitz and A Zimmer and KJ Langenberg and U Metzko},
  journal = {AIP Conf. Proc.},
  title   = {Ultrasonic Testing of Thick Walled Austenitic Welds: Modelling and Experimental Verification},
  year    = {2006},
  pages   = {57-64},
  volume  = {820},
}
